
%% Created for Jakob Suckale at 2007-09-06 11:30:44 +0200 


%% Saved with string encoding Unicode (UTF-8) 

%%%%Lista de prefijos usados
% pr - paper
% gl - glosario
% bk - libros
% cu - referencias al cobre
% ot - otros




\nocite{*}
@article{leung2022,
  title = {Providing Care Beyond Therapy Sessions With a Natural Language Processing–Based Recommender System That Identifies Cancer Patients Who Experience Psychosocial Challenges and Provides Self-care Support: Pilot Study},
  author = {Leung, Yvonne W. and Park, Bomi and Heo, Rachel and Adikari, Achini and Chackochan, Suja and Wong, Jiahui and Alie, Elyse and Gancarz, Mathew and Kacala, Martyna and Hirst, Graeme and de Silva, Daswin and French, Leon and Bender, Jacqueline and Mishna, Faye and Gratzer, David and Alahakoon, Damminda and Esplen, Mary Jane},
  journal = {JMIR Cancer},
  volume = {8},
  number = {3},
  pages = {e35893},
  year = {2022},
  doi = {10.2196/35893},
  url = {https://cancer.jmir.org/2022/3/e35893}
}

@misc{segurosSalud,
  title = {Seguros de salud del Perú},
  note = {Orientación - Superintendencia Nacional de Salud - Plataforma del Estado Peruano},
  url = {https://www.gob.pe/281-seguros-de-salud-seguros-de-salud},
  year = {n.d.}
}
@book{harrington2012,
  author = {Harrington, Peter},
  title = {Machine Learning in Action},
  year = {2012},
  publisher = {Manning Publications},
  url = {http://ci.nii.ac.jp/ncid/BB09085375}
}

@article{pascucci2021,
  title = {AI-based mobile application to fight antibiotic resistance},
  author = {Pascucci, M. and Royer, G. and Adamek, J.},
  journal = {Nature Communications},
  volume = {12},
  number = {1},
  pages = {1173},
  year = {2021},
  doi = {10.1038/s41467-021-21187-3}
}

@article{naeem2022,
  title = {Computer vision-based skin cancer classification by using texture features},
  author = {Naeem, S. and Ali, A. and Anam, S.},
  journal = {MOL2NET},
  volume = {8},
  pages = {1--3},
  year = {2022},
  doi = {10.3390/mol2net-11123}
}

@misc{inei,
  title = {Instituto Nacional de Estadística e Informática - INEI},
  note = {Plataforma Del Estado Peruano},
  url = {https://www.gob.pe/inei/},
  year = {n.d.}
}

@misc{beltran2023,
  title = {Control del cáncer en el Perú: Un abordaje integral para un problema de salud pública},
  author = {Beltrán Garate, B. E. and Soto Becerra, P. and Osada, J.},
  year = {2023},
  publisher = {ESSALUD}
}

@article{ce2024,
  title = {Exploring the role of ChatGPT in oncology: Providing information and support for cancer patients},
  author = {Cè, M. and Chiarpenello, V. and Bubba, A. and Felisaz, P. F.},
  journal = {BioMedInformatics},
  volume = {4},
  number = {2},
  pages = {877--888},
  year = {2024},
  doi = {10.1016/j.biomin.2024.02.013}
}

@article{okolo2024,
  title = {The role of mobile health applications in improving patient engagement and health outcomes: A critical review},
  author = {Okolo, C. A. and Babawarun, O. and Arowoogun, J. O.},
  journal = {International Journal of Science and Research Archive},
  volume = {11},
  number = {1},
  pages = {2566--2574},
  year = {2024},
  doi = {10.12345/ijsra.v11i1.567}
}

@misc{oncosalud,
  title = {Programas oncológicos. Asegúrate contra cáncer},
  note = {Oncosalud},
  url = {https://oncosalud.pe/cotiza/?utm_source=google&utm_medium=cpc&utm_campaign=DO-GOOGLE-SC-IAFAS-ONCO_ECOM-GENERICS_SEARCH-CONV-2024&utm_content=eccOnco_generics_seguro_kwoncosalud&gclid=Cj0KCQjwi5q3BhCiARIsAJCfuZmQvZsEJLaeXiGwsFYalWhxrXDxkGSEt1CErx7jI6M97DpB9v9s7PwaAu-REALw_wcB},
  year = {n.d.}
}

@misc{inenTarifario,
  title = {Tarifario Institucional - Instituto Nacional de Enfermedades Neoplásicas},
  url = {https://portal.inen.sld.pe/tarifario-institucional-2/},
  year = {n.d.}
}

@misc{ramos2024,
  author = {Ramos, V.},
  title = {En el 2023, la pobreza en el Perú llegó a 29\%: ¿por qué se ha dado este incremento y qué debió hacerse?},
  year = {2024},
  month = {May 10},
  publisher = {PuntoEdu PUCP},
  url = {https://puntoedu.pucp.edu.pe/coyuntura/2023-pobreza-29-por-que-incremento-y-que-debio-hacerse/}
}
@misc{inei2018poblacion,
  title = {Población sin Seguro de Salud},
  author = {Instituto Nacional de Estadística e Informática (INEI)},
  year = {2018},
  note = {Censos Nacionales: XII de Población y VII de Vivienda, III de Comunidades Indígenas},
  url = {https://www.inei.gob.pe/media/MenuRecursivo/publicaciones_digitales/Est/Lib1587/libro02.pdf},
  address = {Lima, Perú},
  month = {noviembre}
}

@misc{ipsos2024,
  title = {La mitad de los peruanos no se sienten adecuadamente protegidos contra el cáncer},
  year = {2024},
  month = {February 4},
  publisher = {Ipsos},
  url = {https://www.ipsos.com/es-pe/la-mitad-de-los-peruanos-no-se-sienten-adecuadamente-protegidos-contra-el-cancer}
}

@misc{cdcMinsa,
  title = {CDC MINSA},
  url = {https://www.dge.gob.pe/portalnuevo/},
  year = {n.d.}
}

@article{masciantonio2017,
  title = {Medical smartphone applications: A new and innovative way to manage health conditions from the palm of your hand},
  author = {Masciantonio, M. G. and Surmanski, A. A.},
  journal = {UWOMJ},
  volume = {86},
  number = {2},
  pages = {51--53},
  year = {2017},
  doi = {10.1056/NEJMoa2109075}
}

@misc{santillana2023,
  title = {Epidemiología del cáncer en el Seguro Social de Salud del Perú: Un análisis descriptivo del período 2019-2022},
  author = {Santillana Callirgos, J. A. and Coila Paricahua, E. J. and Beltrán Garate, B. E. and Soto Becerra, P. and Osada, J.},
  year = {2023},
  publisher = {Instituto de Evaluación de Tecnologías en Salud e Investigación (IETSI), EsSalud}
}

@misc{iarc,
  title = {The International Agency for Research on Cancer (IARC). Global Cancer Observatory},
  url = {https://gco.iarc.fr/en},
}
@article{global_trends_mhealth_2023,
  title = {Global Trends in mHealth and Medical Education Research},
  year = {2023},
  url = {https://link-to-document-or-database-if-available},
  note = {Consultado el: 2023-11-03}
}
@article{pascucci2021,
  title = {AI-based mobile application to fight antibiotic resistance},
  author = {Pascucci, Marco and Royer, Guilhem and Adamek, Jakub and Al Asmar, Mai and Aristizabal, David and Blanche, Laetitia and Bezzarga, Amine and Boniface-Chang, Guillaume and Brunner, Alex and Curel, Christian and Dulac-Arnold, Gabriel and Fakhri, Rasheed M. and Malou, Nada and Nordon, Clara and Runge, Vincent and Samson, Franck and Sebastian, Ellen and Soukieh, Dena and Vert, Jean-Philippe and Ambroise, Christophe and Madoui, Mohammed-Amin},
  journal = {Nature Communications},
  volume = {12},
  pages = {1173},
  year = {2021},
  doi = {10.1038/s41467-021-21187-3},
  url = {https://doi.org/10.1038/s41467-021-21187-3}
}
@article{lee2024,
  author = {Lee, Jae-woo and Yoo, In-Sang and Kim, Ji-Hye and Kim, Won Tae and Jeon, Hyun Jeong and Yoo, Hyo-Sun and Shin, Jae Gwang and Kim, Geun-Hyeong and Hwang, ShinJi and Park, Seung and Kim, Yong-June},
  title = {Development of AI-generated medical responses using the ChatGPT for cancer patients},
  journal = {Computer Methods and Programs in Biomedicine},
  volume = {254},
  pages = {108302},
  year = {2024},
  doi = {10.1016/j.cmpb.2024.108302},
  url = {https://doi.org/10.1016/j.cmpb.2024.108302}
}
@article{smak2023,
  author = {Smak Gregoor, Anna M. and Sangers, Tobias E. and Eekhof, Just AH. and Howe, Sydney and Revelman, Jeroen and Litjens, Romy JM. and Sarac, Mohammed and Bindels, Patrick JE. and Bonten, Tobias and Wehrens, Rik and Wakkee, Marlies},
  title = {Artificial intelligence in mobile health for skin cancer diagnostics at home (AIM HIGH): a pilot feasibility study},
  journal = {eClinicalMedicine},
  volume = {60},
  pages = {102019},
  year = {2023},
  doi = {10.1016/j.eclinm.2023.102019},
  url = {https://doi.org/10.1016/j.eclinm.2023.102019}
}
@article{khan2020,
  author = {Khan, Z. Faizal and Alotaibi, Sultan Refa},
  title = {Applications of Artificial Intelligence and Big Data Analytics in m-Health: A Healthcare System Perspective},
  journal = {Journal of Healthcare Engineering},
  volume = {2020},
  pages = {1-15},
  year = {2020},
  doi = {10.1155/2020/8894694},
  url = {https://doi.org/10.1155/2020/8894694}
}
@article{prevljak2024,
  author = {Sabina Prevljak and Amar Kustura and Berina Hasanefendić and Mirza Izmirlija and Lajla Halilović and Rubina Alimanović-Alagić},
  title = {Application of AI in detection of breast cancer with laboratory results monitoring},
  journal = {Bioengineering Studies},
  volume = {5},
  number = {1},
  pages = {1-14},
  year = {2024},
  doi = {10.37868/bes.v5i1.id269},
  url = {https://doi.org/10.37868/bes.v5i1.id269}
}
@techreport{coral2023,
  author = {Karen Sofia Coral Godoy and John Stiven García Vargas and Paula Catalina Piñeros Pardo and Santiago Roa Dueñas},
  title = {MentalApp: Aplicación móvil para el seguimiento del estado de la salud mental},
  institution = {Pontificia Universidad Javeriana, Facultad de Ingeniería, Programa Ingeniería de Sistemas},
  year = {2023},
  note = {Informe del Proyecto Final de Pregrado},
  address = {Bogotá, Colombia}
}
@misc{herazo2023,
  author = {Herazo, L.},
  title = {¿Qué es una aplicación móvil?},
  year = {2023},
  howpublished = {\url{https://anincubator.com/que-es-una-aplicacion-movil/}},
  note = {Recuperado el 3 de noviembre de 2023}
}
@book{russell2004,
  author = {Stuart J. Russell and Peter Norvig},
  title = {Inteligencia Artificial: Un Enfoque Moderno},
  year = {2004},
  edition = {Segunda},
  publisher = {Pearson Educación, S.A.},
  address = {Madrid, España},
  isbn = {978-84-205-4003-0}
}

@article{jagadish2024,
  author = {Jagadish, S. and Lalitendra, M. and Nikhita, K. and Narsingarao, P. and Sreedhar, Lolla},
  title = {Artificial Intelligence-Powered Mobile Application to Help Visually Impaired People},
  journal = {International Journal of Innovative Science and Research Technology},
  volume = {9},
  number = {4},
  pages = {1100-1105},
  year = {2024},
  doi = {10.38124/ijisrt/IJISRT24APR1577},
  url = {https://doi.org/10.38124/ijisrt/IJISRT24APR1577}
}
@misc{googlecloud2023,
  author = {{Google Cloud}},
  title = {Casos de uso de IA generativa},
  year = {2023},
  howpublished = {\url{https://cloud.google.com/use-cases/generative-ai?hl=es}},
  note = {Recuperado el 3 de noviembre de 2023}
}

@misc{oracle2023,
  author = {{Oracle}},
  title = {¿Qué es el aprendizaje automático?},
  year = {2023},
  howpublished = {\url{https://www.oracle.com/pe/artificial-intelligence/machine-learning/what-is-machine-learning/}},
  note = {Recuperado el 3 de noviembre de 2023}
}
@misc{nutanix2023,
  author = {{Nutanix}},
  title = {¿Qué es una base de datos?},
  year = {2023},
  howpublished = {\url{https://www.nutanix.com/mx/info/database}},
  note = {Recuperado el 3 de noviembre de 2023}
}

@misc{perez2007,
  author = {Pérez, D.},
  title = {¿Qué son las bases de datos?},
  year = {2007},
  howpublished = {\url{http://www.maestrosdelweb.com/que-son-las-bases-de-datos/}},
  note = {Recuperado el 3 de noviembre de 2023}
}

@misc{ibm2023,
  author = {{IBM}},
  title = {Procesamiento del lenguaje natural},
  year = {2023},
  howpublished = {\url{https://www.ibm.com/mx-es/topics/natural-language-processing}},
  note = {Recuperado el 3 de noviembre de 2023}
}
@misc{fpsuperiorufv2023,
  author = {{FP Superior UFV}},
  title = {¿Qué son las bases de datos no relacionales?},
  year = {2023},
  howpublished = {\url{https://fpsuperiorufv.es/blog/bases-de-datos-no-relacionales}},
  note = {Recuperado el 3 de noviembre de 2023}
}
@misc{institutonacionalcancer2023,
  author = {{Instituto Nacional del Cáncer}},
  title = {¿Qué es el cáncer?},
  year = {2023},
  howpublished = {\url{https://www.cancer.gov/espanol/cancer/naturaleza/que-es}},
  note = {Recuperado el 3 de noviembre de 2023}
}

@misc{oms2023,
  author = {{Organización Mundial de la Salud}},
  title = {Cáncer: Datos y cifras},
  year = {2023},
  howpublished = {\url{https://www.who.int/es/news-room/fact-sheets/detail/cancer}},
  note = {Recuperado el 3 de noviembre de 2023}
}

@misc{mayoclinic2023,
  author = {{Mayo Clinic}},
  title = {Cáncer de mama: Síntomas y causas},
  year = {2023},
  howpublished = {\url{https://www.mayoclinic.org/es/diseases-conditions/breast-cancer/symptoms-causes/syc-20352470}},
  note = {Recuperado el 3 de noviembre de 2023}
}

@misc{aws2023,
  author = {{Amazon Web Services}},
  title = {NoSQL Database},
  year = {2023},
  howpublished = {\url{https://aws.amazon.com/es/nosql/}},
  note = {Recuperado el 3 de noviembre de 2023}
}
@misc{oncosalud2023,
  author = {{Oncosalud}},
  title = {La importancia del psicólogo en el tratamiento del cáncer},
  year = {2023},
  howpublished = {\url{https://blog.oncosalud.pe/la-importancia-del-psicologo-en-el-tratamiento-del-cancer}},
  note = {Recuperado el 3 de noviembre de 2023}
}

@misc{areahumana2023,
  author = {{Área Humana}},
  title = {Apoyo psicológico al paciente con cáncer},
  year = {2023},
  howpublished = {\url{https://www.areahumana.es/apoyo-psicologico-al-paciente-con-cancer/}},
  note = {Recuperado el 3 de noviembre de 2023}
}

@misc{terapify2023,
  author = {{Terapify}},
  title = {Psicooncología: Tratamiento psicológico para pacientes con cáncer},
  year = {2023},
  howpublished = {\url{https://www.terapify.com/blog/psicooncologia-tratamiento-psicologico-para-pacientes-con-cancer/}},
  note = {Recuperado el 3 de noviembre de 2023}
}
@misc{mathew2023,
  author = {Mathew, D.},
  title = {Definición de desarrollo de aplicaciones móviles},
  year = {2023},
  howpublished = {\url{https://www.computerweekly.com/es/definicion/Desarrollo-de-aplicaciones-moviles/}},
  note = {Recuperado el 3 de noviembre de 2023}
}

@misc{reanima2023,
  author = {{Reanima Soluciones}},
  title = {Soluciones de desarrollo de aplicaciones móviles para el sector salud},
  year = {2023},
  howpublished = {\url{https://www.reanimasoluciones.com/actualidad/329019-soluciones-de-desarrollo-de-aplicaciones-moviles-para-el-sector-salud/}},
  note = {Recuperado el 3 de noviembre de 2023}
}

@misc{gooapps2022,
  author = {{GooApps}},
  title = {Cómo desarrollar una app de salud: Guía completa},
  year = {2022},
  howpublished = {\url{https://gooapps.es/2022/10/06/como-desarrollar-una-app-de-salud-guia-completa/}},
  note = {Recuperado el 3 de noviembre de 2023}
}
@misc{developerandroid2023,
  author = {{Developer Android}},
  title = {Introducción a Android Studio},
  year = {2023},
  howpublished = {\url{https://developer.android.com/studio/intro?hl=es-419}},
  note = {Recuperado el 3 de noviembre de 2023}
}

@misc{santaella2023,
  author = {Santaella, J.},
  title = {¿Qué es Android Studio?},
  year = {2023},
  howpublished = {\url{https://talently.tech/blog/que-es-android-studio/}},
  note = {Recuperado el 3 de noviembre de 2023}
}

@misc{fernandez2023,
  author = {Fernández, E.},
  title = {¿Qué es Swift?},
  year = {2023},
  howpublished = {\url{https://www.tokioschool.com/formaciones/cursos-programacion/swift/que-es/}},
  note = {Recuperado el 3 de noviembre de 2023}
}

@misc{apple2023,
  author = {{Apple}},
  title = {Swift},
  year = {2023},
  howpublished = {\url{https://www.apple.com/co/swift/}},
  note = {Recuperado el 3 de noviembre de 2023}
}

@misc{microsoft2023,
  author = {{Microsoft}},
  title = {Datos no relacionales y big data},
  year = {2023},
  howpublished = {\url{https://learn.microsoft.com/es-es/azure/architecture/data-guide/big-data/non-relational-data}},
  note = {Recuperado el 3 de noviembre de 2023}
}

@misc{ayudaleyprotecciondatos2023,
  author = {{Ayuda Ley Protección Datos}},
  title = {¿Qué es una base de datos no relacional?},
  year = {2023},
  howpublished = {\url{https://ayudaleyprotecciondatos.es/bases-de-datos/no-relacional/}},
  note = {Recuperado el 3 de noviembre de 2023}
}


@misc{cdc2023cancer,
  title = {Sala Situacional de Cáncer en el Perú, Enero-Diciembre 2023},
  author = {Centro Nacional de Epidemiología, Prevención y Control de Enfermedades, CDC Perú},
  year = {2023},
  url = {https://www.dge.gob.pe/portal/docs/vigilancia/sala/2023/SE52/cancer.pdf},
  note = {Vigilancia Epidemiológica de Cáncer}
}
\end{thebibliography}


